<?xml version="1.0" encoding="UTF-8"?><record xmlns="http://www.loc.gov/MARC21/slim" xmlns:cinclude="http://apache.org/cocoon/include/1.0" xmlns:zs="http://www.loc.gov/zing/srw/">
  <leader>00679cz  a2200145n  4500</leader>
  <controlfield tag="001">n  85102073 </controlfield>
  <controlfield tag="003">DLC</controlfield>
  <controlfield tag="005">20120810082824.0</controlfield>
  <controlfield tag="008">850521n| acannaab           |n aaa      </controlfield>
  <datafield tag="010" ind1=" " ind2=" ">
    <subfield code="a">n  85102073 </subfield>
    <subfield code="z">n  88603181 </subfield>
  </datafield>
  <datafield tag="040" ind1=" " ind2=" ">
    <subfield code="a">DLC</subfield>
    <subfield code="b">eng</subfield>
    <subfield code="c">DLC</subfield>
    <subfield code="d">DLC</subfield>
  </datafield>
  <datafield tag="100" ind1="1" ind2=" ">
    <subfield code="a">Schäfer, Wolfgang,</subfield>
    <subfield code="c">Prof. Dr. rer. nat. habil.</subfield>
  </datafield>
  <datafield tag="667" ind1=" " ind2=" ">
    <subfield code="a">THIS 1XX FIELD CANNOT BE USED UNDER RDA UNTIL THIS RECORD HAS BEEN REVIEWED AND/OR UPDATED</subfield>
  </datafield>
  <datafield tag="670" ind1=" " ind2=" ">
    <subfield code="a">His Maximum-Likelihood-Schätzungen der Funktionsparameter der Gammaverteilung bei vollständigen und Typ II zensierten Stichproben, c1984:</subfield>
    <subfield code="b">t.p. (Wolfgang Schäfer)</subfield>
  </datafield>
  <datafield tag="670" ind1=" " ind2=" ">
    <subfield code="a">LC data base, 4-22-85</subfield>
    <subfield code="b">(hdg.: Schäfer, Wolfgang, Prof. Dr. rer. nat. habil.)</subfield>
  </datafield>
</record>